% wzp引用
@article{chen2022rapid,
  title={Rapid full-color Fourier ptychographic microscopy via spatially filtered color transfer},
  author={Chen, Jiurun and Wang, Aiye and Pan, An and Zheng, Guoan and Ma, Caiwen and Yao, Baoli},
  journal={Photonics Research},
  volume={10},
  number={10},
  pages={2410--2421},
  year={2022},
  publisher={Optica Publishing Group}
}
@article{bickle2010beautiful,
  title={The beautiful cell: high-content screening in drug discovery},
  author={Bickle, Marc},
  journal={Analytical and bioanalytical chemistry},
  volume={398},
  pages={219--226},
  year={2010},
  publisher={Springer}
}
@article{lu2016quantitative,
  title={Quantitative phase imaging and complex field reconstruction by pupil modulation differential phase contrast},
  author={Lu, Hangwen and Chung, Jaebum and Ou, Xiaoze and Yang, Changhuei},
  journal={Optics Express},
  volume={24},
  number={22},
  pages={25345--25361},
  year={2016},
  publisher={Optica Publishing Group}
}
@article{wang2021enhanced,
  title={Enhanced image reconstruction of Fourier ptychographic microscopy with double-height illumination},
  author={Wang, Dayong and Han, Yaqian and Zhao, Jie and Rong, Lu and Wang, Yunxin and Lin, Shufeng},
  journal={Optics Express},
  volume={29},
  number={25},
  pages={41655--41669},
  year={2021},
  publisher={Optica Publishing Group}
}
@article{wu2023adaptive,
  title={Adaptive correction method of hybrid aberrations in Fourier ptychographic microscopy},
  author={Wu, Ruofei and Luo, Jiaxiong and Li, Jiancong and Chen, Hanbao and Zhen, Junrui and Zhu, Sicong and Luo, Zicong and Wu, Yanxiong},
  journal={Journal of Biomedical Optics},
  volume={28},
  number={3},
  pages={036006--036006},
  year={2023},
  publisher={Society of Photo-Optical Instrumentation Engineers}
}

@article{ren2023hybrid,
  title={A hybrid iterative Fourier ptychographic microscopy algorithm based on fusion of random phase perturbation and gradient descent strategy},
  author={Ren, Shuo and Cheng, Hong and Sun, Siwei and Li, Ju and Li, Wei and Cheng, Yifan},
  journal={Journal of Optics},
  pages={1--9},
  year={2023},
  publisher={Springer}
}
@article{pan2019situ,
  title={In situ correction of liquid meniscus in cell culture imaging system based on parallel Fourier ptychographic microscopy (96 Eyes)},
  author={Pan, An and Chan, Antony and Yao, Baoli and Yang, Changhuei},
  journal={arXiv preprint arXiv:1912.00804},
  year={2019}
}
@article{chen2022rapid,
  title={Rapid full-color Fourier ptychographic microscopy via spatially filtered color transfer},
  author={Chen, Jiurun and Wang, Aiye and Pan, An and Zheng, Guoan and Ma, Caiwen and Yao, Baoli},
  journal={Photonics Research},
  volume={10},
  number={10},
  pages={2410--2421},
  year={2022},
  publisher={Optica Publishing Group}
}
@article{gao2021high,
  title={High-throughput fast full-color digital pathology based on Fourier ptychographic microscopy via color transfer},
  author={Gao, Yuting and Chen, Jiurun and Wang, Aiye and Pan, An and Ma, Caiwen and Yao, Baoli},
  journal={Science China Physics, Mechanics \& Astronomy},
  volume={64},
  number={11},
  pages={114211},
  year={2021},
  publisher={Springer}
}
@article{korn2007cell,
  title={Cell-based high-content screening of small-molecule libraries},
  author={Korn, Kerstin and Krausz, Eberhard},
  journal={Current opinion in chemical biology},
  volume={11},
  number={5},
  pages={503--510},
  year={2007},
  publisher={Elsevier}
}
@article{antczak2014high,
  title={A high content assay to assess cellular fitness},
  author={Antczak, Christophe and P Mahida, Jeni and Singh, Chanpreet and A Calder, Paul and Djaballah, Hakim},
  journal={Combinatorial chemistry \& high throughput screening},
  volume={17},
  number={1},
  pages={12--24},
  year={2014},
  publisher={Bentham Science Publishers}
}
@article{rappaz2014digital,
  title={Digital holographic microscopy: a quantitative label-free microscopy technique for phenotypic screening},
  author={Rappaz, Benjamin and Breton, Billy and Shaffer, Etienne and Turcatti, Gerardo},
  journal={Combinatorial chemistry \& high throughput screening},
  volume={17},
  number={1},
  pages={80--88},
  year={2014},
  publisher={Bentham Science Publishers}
}
@article{erfle2004sirna,
  title={siRNA cell arrays for high-content screening microscopy},
  author={Erfle, Holger and Simpson, Jeremy C and Bastiaens, Philippe IH and Pepperkok, Rainer},
  journal={Biotechniques},
  volume={37},
  number={3},
  pages={454--462},
  year={2004},
  publisher={Future Science}
}
@article{wouters2001imaging,
  title={Imaging biochemistry inside cells},
  author={Wouters, Fred S and Verveer, Peter J and Bastiaens, Philippe IH},
  journal={Trends in cell biology},
  volume={11},
  number={5},
  pages={203--211},
  year={2001},
  publisher={Elsevier}
}
@article{wouters2001imaging,
  title={Imaging biochemistry inside cells},
  author={Wouters, Fred S and Verveer, Peter J and Bastiaens, Philippe IH},
  journal={Trends in cell biology},
  volume={11},
  number={5},
  pages={203--211},
  year={2001},
  publisher={Elsevier}
}
@article{lippincott2001studying,
  title={Studying protein dynamics in living cells},
  author={Lippincott-Schwartz, Jennifer and Snapp, Erik and Kenworthy, Anne},
  journal={Nature reviews Molecular cell biology},
  volume={2},
  number={6},
  pages={444--456},
  year={2001},
  publisher={Nature Publishing Group UK London}
}
@article{rabut2004mapping,
  title={Mapping the dynamic organization of the nuclear pore complex inside single living cells},
  author={Rabut, Gw{\'e}na{\"e}l and Doye, Val{\'e}rie and Ellenberg, Jan},
  journal={Nature cell biology},
  volume={6},
  number={11},
  pages={1114--1121},
  year={2004},
  publisher={Nature Publishing Group UK London}
}
@article{forster2006secretory,
  title={Secretory cargo regulates the turnover of COPII subunits at single ER exit sites},
  author={Forster, Rebecca and Weiss, Matthias and Zimmermann, Timo and Reynaud, Emmanuel G and Verissimo, Fatima and Stephens, David J and Pepperkok, Rainer},
  journal={Current Biology},
  volume={16},
  number={2},
  pages={173--179},
  year={2006},
  publisher={Elsevier}
}
@article{starkuviene2007potential,
  title={The potential of high-content high-throughput microscopy in drug discovery},
  author={Starkuviene, V and Pepperkok, R},
  journal={British journal of pharmacology},
  volume={152},
  number={1},
  pages={62--71},
  year={2007},
  publisher={Wiley Online Library}
}
@article{lang2006cellular,
  title={Cellular imaging in drug discovery},
  author={Lang, Paul and Yeow, Karen and Nichols, Anthony and Scheer, Alexander},
  journal={Nature Reviews Drug Discovery},
  volume={5},
  number={4},
  pages={343--356},
  year={2006},
  publisher={Nature Publishing Group UK London}
}
@article{boyd1995some,
  title={Some practical considerations and applications of the National Cancer Institute in vitro anticancer drug discovery screen},
  author={Boyd, Michael R and Paull, Kenneth D},
  journal={Drug development research},
  volume={34},
  number={2},
  pages={91--109},
  year={1995},
  publisher={Wiley Online Library}
}
@article{costa2011continuous,
  title={Continuous live imaging of adult neural stem cell division and lineage progression in vitro},
  author={Costa, Marcos R and Ortega, Felipe and Brill, Monika S and Beckervordersandforth, Ruth and Petrone, Ciro and Schroeder, Timm and G{\"o}tz, Magdalena and Berninger, Benedikt},
  journal={Development},
  volume={138},
  number={6},
  pages={1057--1068},
  year={2011},
  publisher={Company of Biologists}
}
@article{zheng2011epetri,
  title={The ePetri dish, an on-chip cell imaging platform based on subpixel perspective sweeping microscopy (SPSM)},
  author={Zheng, Guoan and Lee, Seung Ah and Antebi, Yaron and Elowitz, Michael B and Yang, Changhuei},
  journal={Proceedings of the National Academy of Sciences},
  volume={108},
  number={41},
  pages={16889--16894},
  year={2011},
  publisher={National Acad Sciences}
}
@article{greenbaum2012imaging,
  title={Imaging without lenses: achievements and remaining challenges of wide-field on-chip microscopy},
  author={Greenbaum, Alon and Luo, Wei and Su, Ting-Wei and G{\"o}r{\"o}cs, Zolt{\'a}n and Xue, Liang and Isikman, Serhan O and Coskun, Ahmet F and Mudanyali, Onur and Ozcan, Aydogan},
  journal={Nature methods},
  volume={9},
  number={9},
  pages={889--895},
  year={2012},
  publisher={Nature Publishing Group US New York}
}
@article{greenbaum2014wide,
  title={Wide-field computational imaging of pathology slides using lens-free on-chip microscopy},
  author={Greenbaum, Alon and Zhang, Yibo and Feizi, Alborz and Chung, Ping-Luen and Luo, Wei and Kandukuri, Shivani R and Ozcan, Aydogan},
  journal={Science translational medicine},
  volume={6},
  number={267},
  pages={267ra175--267ra175},
  year={2014},
  publisher={American Association for the Advancement of Science}
}
@article{luo2015synthetic,
  title={Synthetic aperture-based on-chip microscopy},
  author={Luo, Wei and Greenbaum, Alon and Zhang, Yibo and Ozcan, Aydogan},
  journal={Light: Science \& Applications},
  volume={4},
  number={3},
  pages={e261--e261},
  year={2015},
  publisher={Nature Publishing Group}
}
@article{goda2009serial,
  title={Serial time-encoded amplified imaging for real-time observation of fast dynamic phenomena},
  author={Goda, K and Tsia, KK and Jalali, B},
  journal={Nature},
  volume={458},
  number={7242},
  pages={1145--1149},
  year={2009},
  publisher={Nature Publishing Group UK London}
}
@article{lukosz1966optical,
  title={Optical systems with resolving powers exceeding the classical limit},
  author={Lukosz, W},
  journal={JOSA},
  volume={56},
  number={11},
  pages={1463--1471},
  year={1966},
  publisher={Optica Publishing Group}
}
@article{zheng2013wide,
  title={Wide-field, high-resolution Fourier ptychographic microscopy},
  author={Zheng, Guoan and Horstmeyer, Roarke and Yang, Changhuei},
  journal={Nature photonics},
  volume={7},
  number={9},
  pages={739--745},
  year={2013},
  publisher={Nature Publishing Group UK London}
}
@article{candes2008introduction,
  title={An introduction to compressive sampling},
  author={Cand{\`e}s, Emmanuel J and Wakin, Michael B},
  journal={IEEE signal processing magazine},
  volume={25},
  number={2},
  pages={21--30},
  year={2008},
  publisher={IEEE}
}
@article{tian2015computational,
  title={Computational illumination for high-speed in vitro Fourier ptychographic microscopy},
  author={Tian, Lei and Liu, Ziji and Yeh, Li-Hao and Chen, Michael and Zhong, Jingshan and Waller, Laura},
  journal={Optica},
  volume={2},
  number={10},
  pages={904--911},
  year={2015},
  publisher={Optica Publishing Group}
}
@article{shu2022adaptive,
  title={Adaptive optical quantitative phase imaging based on annular illumination Fourier ptychographic microscopy},
  author={Shu, Yefeng and Sun, Jiasong and Lyu, Jiaming and Fan, Yao and Zhou, Ning and Ye, Ran and Zheng, Guoan and Chen, Qian and Zuo, Chao},
  journal={PhotoniX},
  volume={3},
  number={1},
  pages={24},
  year={2022},
  publisher={Springer}
}
@article{chung2016wide,
  title={Wide field-of-view fluorescence image deconvolution with aberration-estimation from Fourier ptychography},
  author={Chung, Jaebum and Kim, Jinho and Ou, Xiaoze and Horstmeyer, Roarke and Yang, Changhuei},
  journal={Biomedical optics express},
  volume={7},
  number={2},
  pages={352--368},
  year={2016},
  publisher={Optica Publishing Group}
}
@article{kamal2018situ,
  title={In situ retrieval and correction of aberrations in moldless lenses using Fourier ptychography},
  author={Kamal, Tahseen and Yang, Lu and Lee, Woei Ming},
  journal={Optics express},
  volume={26},
  number={3},
  pages={2708--2719},
  year={2018},
  publisher={Optica Publishing Group}
}
@article{konda2021multi,
  title={Multi-aperture Fourier ptychographic microscopy, theory and validation},
  author={Konda, Pavan Chandra and Taylor, Jonathan M and Harvey, Andrew R},
  journal={Optics and Lasers in Engineering},
  volume={138},
  pages={106410},
  year={2021},
  publisher={Elsevier}
}
@article{aidukas2019low,
  title={Low-cost, sub-micron resolution, wide-field computational microscopy using opensource hardware},
  author={Aidukas, Tomas and Eckert, Regina and Harvey, Andrew R and Waller, Laura and Konda, Pavan C},
  journal={Scientific reports},
  volume={9},
  number={1},
  pages={7457},
  year={2019},
  publisher={Nature Publishing Group UK London}
}
@article{shen2019computational,
  title={Computational aberration correction of VIS-NIR multispectral imaging microscopy based on Fourier ptychography},
  author={Shen, Cheng and Chan, Antony Chi Shing and Chung, Jaebum and Williams, D Elliott and Hajimiri, Ali and Yang, Changhuei},
  journal={Optics express},
  volume={27},
  number={18},
  pages={24923--24937},
  year={2019},
  publisher={Optica Publishing Group}
}


@article{burger1991pathology,
  title={Pathology—trends and pitfalls in histologic diagnosis, immunopathology, and applications of oncogene research},
  author={Burger, Peter C and Fuller, Gregory N},
  journal={Neurologic clinics},
  volume={9},
  number={2},
  pages={249--271},
  year={1991},
  publisher={Elsevier}
}
@article{zheng2013wide,
  title={Wide-field, high-resolution Fourier ptychographic microscopy},
  author={Zheng, Guoan and Horstmeyer, Roarke and Yang, Changhuei},
  journal={Nature photonics},
  volume={7},
  number={9},
  pages={739--745},
  year={2013},
  publisher={Nature Publishing Group UK London}
}
@article{claveau2020digital,
  title={Digital refocusing and extended depth of field reconstruction in Fourier ptychographic microscopy},
  author={Claveau, Remy and Manescu, Petru and Elmi, Muna and Pawar, Vijay and Shaw, Michael and Fernandez-Reyes, Delmiro},
  journal={Biomedical Optics Express},
  volume={11},
  number={1},
  pages={215--226},
  year={2020},
  publisher={Optica Publishing Group}
}
@article{claveau2020digital,
  title={Digital refocusing and extended depth of field reconstruction in Fourier ptychographic microscopy},
  author={Claveau, Remy and Manescu, Petru and Elmi, Muna and Pawar, Vijay and Shaw, Michael and Fernandez-Reyes, Delmiro},
  journal={Biomedical Optics Express},
  volume={11},
  number={1},
  pages={215--226},
  year={2020},
  publisher={Optica Publishing Group}
}
@article{ou2014embedded,
  title={Embedded pupil function recovery for Fourier ptychographic microscopy},
  author={Ou, Xiaoze and Zheng, Guoan and Yang, Changhuei},
  journal={Optics express},
  volume={22},
  number={5},
  pages={4960--4972},
  year={2014},
  publisher={Optica Publishing Group}
}
@article{song2019full,
  title={Full-field Fourier ptychography (FFP): Spatially varying pupil modeling and its application for rapid field-dependent aberration metrology},
  author={Song, Pengming and Jiang, Shaowei and Zhang, He and Huang, Xizhi and Zhang, Yongbing and Zheng, Guoan},
  journal={APL Photonics},
  volume={4},
  number={5},
  year={2019},
  publisher={AIP Publishing}
}
@article{horstmeyer2015digital,
  title={Digital pathology with Fourier ptychography},
  author={Horstmeyer, Roarke and Ou, Xiaoze and Zheng, Guoan and Willems, Phil and Yang, Changhuei},
  journal={Computerized Medical Imaging and Graphics},
  volume={42},
  pages={38--43},
  year={2015},
  publisher={Elsevier}
}
@article{williams2014fourier,
  title={Fourier ptychographic microscopy for filtration-based circulating tumor cell enumeration and analysis},
  author={Williams, Anthony and Chung, Jaebum and Ou, Xiaoze and Zheng, Guoan and Rawal, Siddarth and Ao, Zheng and Datar, Ram and Yang, Changhuei and Cote, Richard},
  journal={Journal of biomedical optics},
  volume={19},
  number={6},
  pages={066007--066007},
  year={2014},
  publisher={Society of Photo-Optical Instrumentation Engineers}
}
@article{liang2022all,
  title={All-in-focus fine needle aspiration biopsy imaging based on Fourier ptychographic microscopy},
  author={Liang, Mingshu and Bernadt, Cory and Wong, Soon Boon Justin and Choi, Changsoon and Cote, Richard and Yang, Changhuei},
  journal={Journal of Pathology Informatics},
  volume={13},
  pages={100119},
  year={2022},
  publisher={Elsevier}
}
@article{bleicher2003hit,
  title={Hit and lead generation: beyond high-throughput screening},
  author={Bleicher, Konrad H and B{\"o}hm, Hans-Joachim and M{\"u}ller, Klaus and Alanine, Alexander I},
  journal={Nature reviews Drug discovery},
  volume={2},
  number={5},
  pages={369--378},
  year={2003},
  publisher={Nature Publishing Group UK London}
}
@article{mayr2009novel,
  title={Novel trends in high-throughput screening},
  author={Mayr, Lorenz M and Bojanic, Dejan},
  journal={Current opinion in pharmacology},
  volume={9},
  number={5},
  pages={580--588},
  year={2009},
  publisher={Elsevier}
}
@article{edwards2004flow,
  title={Flow cytometry for high-throughput, high-content screening},
  author={Edwards, Bruce S and Oprea, Tudor and Prossnitz, Eric R and Sklar, Larry A},
  journal={Current opinion in chemical biology},
  volume={8},
  number={4},
  pages={392--398},
  year={2004},
  publisher={Elsevier}
}
@article{zanella2010high,
  title={High content screening: seeing is believing},
  author={Zanella, Fabian and Lorens, James B and Link, Wolfgang},
  journal={Trends in biotechnology},
  volume={28},
  number={5},
  pages={237--245},
  year={2010},
  publisher={Elsevier}
}
@article{boutros2015microscopy,
  title={Microscopy-based high-content screening},
  author={Boutros, Michael and Heigwer, Florian and Laufer, Christina},
  journal={Cell},
  volume={163},
  number={6},
  pages={1314--1325},
  year={2015},
  publisher={Elsevier}
}
@article{lang2006cellular,
  title={Cellular imaging in drug discovery},
  author={Lang, Paul and Yeow, Karen and Nichols, Anthony and Scheer, Alexander},
  journal={Nature Reviews Drug Discovery},
  volume={5},
  number={4},
  pages={343--356},
  year={2006},
  publisher={Nature Publishing Group UK London}
}
@article{kim2016incubator,
  title={Incubator embedded cell culture imaging system (EmSight) based on Fourier ptychographic microscopy},
  author={Kim, Jinho and Henley, Beverley M and Kim, Charlene H and Lester, Henry A and Yang, Changhuei},
  journal={Biomedical optics express},
  volume={7},
  number={8},
  pages={3097--3110},
  year={2016},
  publisher={Optica Publishing Group}
}
@article{chan2019parallel,
  title={Parallel Fourier ptychographic microscopy for high-throughput screening with 96 cameras (96 Eyes)},
  author={Chan, Antony CS and Kim, Jinho and Pan, An and Xu, Han and Nojima, Dana and Hale, Christopher and Wang, Songli and Yang, Changhuei},
  journal={Scientific reports},
  volume={9},
  number={1},
  pages={11114},
  year={2019},
  publisher={Nature Publishing Group UK London}
}
@article{yarnell1991fibrinogen,
  title={Fibrinogen, viscosity, and white blood cell count are major risk factors for ischemic heart disease. The Caerphilly and Speedwell collaborative heart disease studies.},
  author={Yarnell, JW and Baker, Ian A and Sweetnam, Peter M and Bainton, David and O'Brien, John R and Whitehead, Philip J and Elwood, Peter Creighton},
  journal={Circulation},
  volume={83},
  number={3},
  pages={836--844},
  year={1991},
  publisher={Am Heart Assoc}
} 
@article{kannel1992white,
  title={White blood cell count and cardiovascular disease: insights from the Framingham Study},
  author={Kannel, William B and Anderson, Keaven and Wilson, Peter WF},
  journal={Jama},
  volume={267},
  number={9},
  pages={1253--1256},
  year={1992},
  publisher={American Medical Association}
}
@article{grimm1985prognostic,
  title={Prognostic importance of the white blood cell count for coronary, cancer, and all-cause mortality},
  author={Grimm, Richard H and Neaton, James D and Ludwig, William},
  journal={Jama},
  volume={254},
  number={14},
  pages={1932--1937},
  year={1985},
  publisher={American Medical Association}
}
@article{barron2000association,
  title={Association between white blood cell count, epicardial blood flow, myocardial perfusion, and clinical outcomes in the setting of acute myocardial infarction: a thrombolysis in myocardial infarction 10 substudy},
  author={Barron, Hal V and Cannon, Christopher P and Murphy, Sabina A and Braunwald, Eugene and Gibson, C Michael},
  journal={Circulation},
  volume={102},
  number={19},
  pages={2329--2334},
  year={2000},
  publisher={Am Heart Assoc}
}
@article{brown2001white,
  title={White blood cell count: an independent predictor of coronary heart disease mortality among a national cohort},
  author={Brown, David W and Giles, Wayne H and Croft, Janet B},
  journal={Journal of clinical epidemiology},
  volume={54},
  number={3},
  pages={316--322},
  year={2001},
  publisher={Elsevier}
}
@article{twig2012white,
  title={White blood cell count and the risk for coronary artery disease in young adults},
  author={Twig, Gilad and Afek, Arnon and Shamiss, Ari and Derazne, Estela and Tzur, Dorit and Gordon, Barak and Tirosh, Amir},
  year={2012},
  publisher={Public Library of Science San Francisco, USA}
}
@article{chung2015counting,
  title={Counting white blood cells from a blood smear using Fourier ptychographic microscopy},
  author={Chung, Jaebum and Ou, Xiaoze and Kulkarni, Rajan P and Yang, Changhuei},
  journal={PloS one},
  volume={10},
  number={7},
  pages={e0133489},
  year={2015},
  publisher={Public Library of Science San Francisco, CA USA}
}
@article{akcakir2022automated,
  title={Automated wide-field malaria parasite infection detection using Fourier ptychography on stain-free thin-smears},
  author={Akcak{\i}r, Osman and Celebi, Lutfi Kadir and Kamil, Mohd and Aly, Ahmed SI},
  journal={Biomedical Optics Express},
  volume={13},
  number={7},
  pages={3904--3921},
  year={2022},
  publisher={Optica Publishing Group}
}
@article{valentino2023beyond,
  title={Beyond conventional microscopy: Observing kidney tissues by means of fourier ptychography},
  author={Valentino, Marika and Bianco, Vittorio and Miccio, Lisa and Memmolo, Pasquale and Brancato, Valentina and Libretti, Paolo and Gambacorta, Marcello and Salvatore, Marco and Ferraro, Pietro},
  journal={Frontiers in Physiology},
  volume={14},
  pages={206},
  year={2023},
  publisher={Frontiers}
}
@article{wakefield2022cellular,
  title={Cellular analysis using label-free parallel array microscopy with Fourier ptychography},
  author={Wakefield, Devin L and Graham, Richard and Wong, Kevin and Wang, Songli and Hale, Christopher and Yu, Chung-Chieh},
  journal={Biomedical Optics Express},
  volume={13},
  number={3},
  pages={1312--1327},
  year={2022},
  publisher={Optica Publishing Group}
}
@article{zhou2017fourier,
  title={Fourier ptychographic microscopy using wavelength multiplexing},
  author={Zhou, You and Wu, Jiamin and Bian, Zichao and Suo, Jinli and Zheng, Guoan and Dai, Qionghai},
  journal={Journal of biomedical optics},
  volume={22},
  number={6},
  pages={066006--066006},
  year={2017},
  publisher={Society of Photo-Optical Instrumentation Engineers}
}
@article{dong2014spectral,
  title={Spectral multiplexing and coherent-state decomposition in Fourier ptychographic imaging},
  author={Dong, Siyuan and Shiradkar, Radhika and Nanda, Pariksheet and Zheng, Guoan},
  journal={Biomedical optics express},
  volume={5},
  number={6},
  pages={1757--1767},
  year={2014},
  publisher={Optica Publishing Group}
} 
@article{zhou2017fourier,
  title={Fourier ptychographic microscopy using wavelength multiplexing},
  author={Zhou, You and Wu, Jiamin and Bian, Zichao and Suo, Jinli and Zheng, Guoan and Dai, Qionghai},
  journal={Journal of biomedical optics},
  volume={22},
  number={6},
  pages={066006--066006},
  year={2017},
  publisher={Society of Photo-Optical Instrumentation Engineers}
}
@article{pan2016incoherent,
  title={Incoherent ptychography in Fresnel domain with simultaneous multi-wavelength illumination},
  author={Pan, An and Wang, Dong and Shi, YS and Yao, BL and Ma, Z and Han, Y and others},
  year={2016}
}
@article{sun2016sampling,
  title={Sampling criteria for Fourier ptychographic microscopy in object space and frequency space},
  author={Sun, Jiasong and Chen, Qian and Zhang, Yuzhen and Zuo, Chao},
  journal={Optics express},
  volume={24},
  number={14},
  pages={15765--15781},
  year={2016},
  publisher={Optica Publishing Group}
}
@article{wang2017color,
  title={A color-corrected strategy for information multiplexed Fourier ptychographic imaging},
  author={Wang, Mingqun and Zhang, Yuzhen and Chen, Qian and Sun, Jiasong and Fan, Yao and Zuo, Chao},
  journal={Optics Communications},
  volume={405},
  pages={406--411},
  year={2017},
  publisher={Elsevier}
}
@inproceedings{zhu2017unpaired,
  title={Unpaired image-to-image translation using cycle-consistent adversarial networks},
  author={Zhu, Jun-Yan and Park, Taesung and Isola, Phillip and Efros, Alexei A},
  booktitle={Proceedings of the IEEE international conference on computer vision},
  pages={2223--2232},
  year={2017}
}
@article{wang2020virtual,
  title={Virtual brightfield and fluorescence staining for Fourier ptychography via unsupervised deep learning},
  author={Wang, Ruihai and Song, Pengming and Jiang, Shaowei and Yan, Chenggang and Zhu, Jiakai and Guo, Chengfei and Bian, Zichao and Wang, Tianbo and Zheng, Guoan},
  journal={Optics Letters},
  volume={45},
  number={19},
  pages={5405--5408},
  year={2020},
  publisher={Optica Publishing Group}
}
@article{gao2021high,
  title={High-throughput fast full-color digital pathology based on Fourier ptychographic microscopy via color transfer},
  author={Gao, Yuting and Chen, Jiurun and Wang, Aiye and Pan, An and Ma, Caiwen and Yao, Baoli},
  journal={Science China Physics, Mechanics \& Astronomy},
  volume={64},
  number={11},
  pages={114211},
  year={2021},
  publisher={Springer}
}
%--------------------------------------------------------------------------



%tanchao 

@inproceedings{turpin1995theory,
  title={Theory of the synthetic aperture microscope},
  author={Turpin, Terry M and Gesell, Leslie H and Lapides, Jeffrey and Price, Craig H},
  booktitle={Advanced Imaging Technologies and Commercial Applications},
  volume={2566},
  pages={230--240},
  year={1995},
  organization={SPIE}
}
@article{holloway2017savi,
  title={SAVI: Synthetic apertures for long-range, subdiffraction-limited visible imaging using Fourier ptychography},
  author={Holloway, Jason and Wu, Yicheng and Sharma, Manoj K and Cossairt, Oliver and Veeraraghavan, Ashok},
  journal={Science advances},
  volume={3},
  number={4},
  pages={e1602564},
  year={2017},
  publisher={American Association for the Advancement of Science}
}
@book{curlander1991synthetic,
  title={Synthetic aperture radar},
  author={Curlander, John C and McDonough, Robert N},
  volume={11},
  year={1991},
  publisher={Wiley, New York}
}
@article{tippie2011high,
  title={High-resolution synthetic-aperture digital holography with digital phase and pupil correction},
  author={Tippie, Abbie E and Kumar, Abhishek and Fienup, James R},
  journal={Optics express},
  volume={19},
  number={13},
  pages={12027--12038},
  year={2011},
  publisher={Optica Publishing Group}
}
@article{di2008high,
  title={High resolution digital holographic microscopy with a wide field of view based on a synthetic aperture technique and use of linear CCD scanning},
  author={Di, Jianglei and Zhao, Jianlin and Jiang, Hongzhen and Zhang, Peng and Fan, Qi and Sun, Weiwei},
  journal={Applied optics},
  volume={47},
  number={30},
  pages={5654--5659},
  year={2008},
  publisher={Optica Publishing Group}
}
@article{schwarz2003imaging,
  title={Imaging interferometric microscopy},
  author={Schwarz, Christian J and Kuznetsova, Yuliya and Brueck, SRJ},
  journal={Optics letters},
  volume={28},
  number={16},
  pages={1424--1426},
  year={2003},
  publisher={Optica Publishing Group}
}
@article{alexandrov2006synthetic,
  title={Synthetic aperture Fourier holographic optical microscopy},
  author={Alexandrov, Sergey A and Hillman, Timothy R and Gutzler, Thomas and Sampson, David D},
  journal={Physical review letters},
  volume={97},
  number={16},
  pages={168102},
  year={2006},
  publisher={APS}
}@article{mico2006synthetic,
  title={Synthetic aperture superresolution with multiple off-axis holograms},
  author={Mico, Vicente and Zalevsky, Zeev and Garc{\'\i}a-Mart{\'\i}nez, Pascuala and Garc{\'\i}a, Javier},
  journal={JOSA A},
  volume={23},
  number={12},
  pages={3162--3170},
  year={2006},
  publisher={Optica Publishing Group}
}@article{kreis2007resolution,
  title={Resolution enhancement by aperture synthesis in digital holography},
  author={Kreis, Thomas and Schl{\"u}ter, Karsten},
  journal={Optical Engineering},
  volume={46},
  number={5},
  pages={055803--055803},
  year={2007},
  publisher={Society of Photo-Optical Instrumentation Engineers}
}@article{hillman2009high,
  title={High-resolution, wide-field object reconstruction with synthetic aperture Fourier holographic optical microscopy},
  author={Hillman, Timothy R and Gutzler, Thomas and Alexandrov, Sergey A and Sampson, David D},
  journal={Optics express},
  volume={17},
  number={10},
  pages={7873--7892},
  year={2009},
  publisher={Optica Publishing Group}
}@article{mico2019resolution,
  title={Resolution enhancement in quantitative phase microscopy},
  author={Mic{\'o}, Vicente and Zheng, Juanjuan and Garcia, Javier and Zalevsky, Zeev and Gao, Peng},
  journal={Advances in Optics and Photonics},
  volume={11},
  number={1},
  pages={135--214},
  year={2019},
  publisher={Optica Publishing Group}
}@article{teague1983deterministic,
  title={Deterministic phase retrieval: a Green’s function solution},
  author={Teague, Michael Reed},
  journal={JOSA},
  volume={73},
  number={11},
  pages={1434--1441},
  year={1983},
  publisher={Optica Publishing Group}
}@article{teague1982irradiance,
  title={Irradiance moments: their propagation and use for unique retrieval of phase},
  author={Teague, Michael Reed},
  journal={JOSA},
  volume={72},
  number={9},
  pages={1199--1209},
  year={1982},
  publisher={Optica Publishing Group}
}
@article{paganin1998noninterferometric,
  title={Noninterferometric phase imaging with partially coherent light},
  author={Paganin, David and Nugent, Keith A},
  journal={Physical review letters},
  volume={80},
  number={12},
  pages={2586},
  year={1998},
  publisher={APS}
}
@article{zuo2020transport,
  title={Transport of intensity equation: a tutorial},
  author={Zuo, Chao and Li, Jiaji and Sun, Jiasong and Fan, Yao and Zhang, Jialin and Lu, Linpeng and Zhang, Runnan and Wang, Bowen and Huang, Lei and Chen, Qian},
  journal={Optics and Lasers in Engineering},
  volume={135},
  pages={106187},
  year={2020},
  publisher={Elsevier}
}
@article{baek2019kramers,
  title={Kramers--Kronig holographic imaging for high-space-bandwidth product},
  author={Baek, YoonSeok and Lee, KyeoReh and Shin, Seungwoo and Park, YongKeun},
  journal={Optica},
  volume={6},
  number={1},
  pages={45--51},
  year={2019},
  publisher={Optica Publishing Group}
}

@article{huang2022high,
  title={High Bandwidth-Utilization Digital Holographic Multiplexing: An Approach Using Kramers--Kronig Relations},
  author={Huang, Zhengzhong and Cao, Liangcai},
  journal={Advanced Photonics Research},
  volume={3},
  number={2},
  pages={2100273},
  year={2022},
  publisher={Wiley Online Library}
}
@article{shen2021non,
  title={Non-iterative complex wave-field reconstruction based on Kramers--Kronig relations},
  author={Shen, Cheng and Liang, Mingshu and Pan, An and Yang, Changhuei},
  journal={Photonics Research},
  volume={9},
  number={6},
  pages={1003--1012},
  year={2021},
  publisher={Optica Publishing Group}
}
@article{ou2016aperture,
  title={Aperture scanning Fourier ptychographic microscopy},
  author={Ou, Xiaoze and Chung, Jaebum and Horstmeyer, Roarke and Yang, Changhuei},
  journal={Biomedical Optics Express},
  volume={7},
  number={8},
  pages={3140--3150},
  year={2016},
  publisher={Optica Publishing Group}
}
@article{baek2021intensity,
  title={Intensity-based holographic imaging via space-domain Kramers--Kronig relations},
  author={Baek, YoonSeok and Park, YongKeun},
  journal={Nature Photonics},
  volume={15},
  number={5},
  pages={354--360},
  year={2021},
  publisher={Nature Publishing Group UK London}
}@article{li2021fast,
  title={Fast quantitative phase imaging based on Kramers-Kronig relations in space domain},
  author={Li, Yutong and Shen, Cheng and Tan, Jiubin and Wen, Xiu and Sun, Ming and Huang, Guancheng and Liu, Shutian and Liu, Zhengjun},
  journal={Optics Express},
  volume={29},
  number={25},
  pages={41067--41080},
  year={2021},
  publisher={Optica Publishing Group}
}
@article{chang2023robust,
  title={Robust Kramers--Kronig holographic imaging with Hilbert--Huang transform},
  author={Chang, Xuyang and Shen, Cheng and Liu, Sitian and Zheng, Dezhi and Wang, Shuai and Yang, Changhuei and Huang, Norden E and Bian, Liheng},
  journal={Optics Letters},
  volume={48},
  number={15},
  pages={4161--4164},
  year={2023},
  publisher={Optica Publishing Group}
}
@article{li2022transport,
  title={Transport of intensity diffraction tomography with non-interferometric synthetic aperture for three-dimensional label-free microscopy},
  author={Li, Jiaji and Zhou, Ning and Sun, Jiasong and Zhou, Shun and Bai, Zhidong and Lu, Linpeng and Chen, Qian and Zuo, Chao},
  journal={Light: Science \& Applications},
  volume={11},
  number={1},
  pages={154},
  year={2022},
  publisher={Nature Publishing Group UK London}
}
@article{zheng2013wide,
  title={Wide-field, high-resolution Fourier ptychographic microscopy},
  author={Zheng, Guoan and Horstmeyer, Roarke and Yang, Changhuei},
  journal={Nature photonics},
  volume={7},
  number={9},
  pages={739--745},
  year={2013},
  publisher={Nature Publishing Group UK London}
}
@article{pan2020high,
  title={High-resolution and large field-of-view Fourier ptychographic microscopy and its applications in biomedicine},
  author={Pan, An and Zuo, Chao and Yao, Baoli},
  journal={Reports on Progress in Physics},
  volume={83},
  number={9},
  pages={096101},
  year={2020},
  publisher={IOP Publishing}
}
@article{zhou2022analysis,
  title={Analysis of postreconstruction digital refocusing in Fourier ptychographic microscopy},
  author={Zhou, Haowen and Shen, Cheng and Liang, Mingshu and Yang, Changhuei},
  journal={Optical Engineering},
  volume={61},
  number={7},
  pages={073102--073102},
  year={2022},
  publisher={Society of Photo-Optical Instrumentation Engineers}
}@article{zhang2021fast,
  title={Fast digital refocusing and depth of field extended Fourier ptychography microscopy},
  author={Zhang, Shaohui and Zhou, Guocheng and Zheng, Chuanjian and Li, Tong and Hu, Yao and Hao, Qun},
  journal={Biomedical Optics Express},
  volume={12},
  number={9},
  pages={5544--5558},
  year={2021},
  publisher={Optica Publishing Group}
}@article{guo2021deep,
  title={Deep learning-enabled whole slide imaging (DeepWSI): oil-immersion quality using dry objectives, longer depth of field, higher system throughput, and better functionality},
  author={Guo, Chengfei and Jiang, Shaowei and Yang, Liming and Song, Pengming and Wang, Tianbo and Shao, Xiaopeng and Zhang, Zibang and Murphy, Michael and Zheng, Guoan},
  journal={Optics Express},
  volume={29},
  number={24},
  pages={39669--39684},
  year={2021},
  publisher={Optica Publishing Group}
}
@article{guo2020openwsi,
  title={OpenWSI: a low-cost, high-throughput whole slide imaging system via single-frame autofocusing and open-source hardware},
  author={Guo, Chengfei and Bian, Zichao and Jiang, Shaowei and Murphy, Michael and Zhu, Jiakai and Wang, Ruihai and Song, Pengming and Shao, Xiaopeng and Zhang, Yongbing and Zheng, Guoan},
  journal={Optics Letters},
  volume={45},
  number={1},
  pages={260--263},
  year={2020},
  publisher={Optica Publishing Group}
}@article{jiang2022high,
  title={High-throughput digital pathology via a handheld, multiplexed, and AI-powered ptychographic whole slide scanner},
  author={Jiang, Shaowei and Guo, Chengfei and Song, Pengming and Wang, Tianbo and Wang, Ruihai and Zhang, Terrance and Wu, Qian and Pandey, Rishikesh and Zheng, Guoan},
  journal={Lab on a Chip},
  volume={22},
  number={14},
  pages={2657--2670},
  year={2022},
  publisher={Royal Society of Chemistry}
}@article{lee2013synthetic,
  title={Synthetic Fourier transform light scattering},
  author={Lee, KyeoReh and Kim, Hyeon-Don and Kim, Kyoohyun and Kim, Youngchan and Hillman, Timothy R and Min, Bumki and Park, YongKeun},
  journal={Optics express},
  volume={21},
  number={19},
  pages={22453--22463},
  year={2013},
  publisher={Optica Publishing Group}
}
@article{liu2009influence,
  title={Influence of thick crystal effects on ptychographic image reconstruction with moveable illumination},
  author={Liu, Cheng and Walther, T and Rodenburg, JM},
  journal={Ultramicroscopy},
  volume={109},
  number={10},
  pages={1263--1275},
  year={2009},
  publisher={Elsevier}
}

@article{maiden2009improved,
  title={An improved ptychographical phase retrieval algorithm for diffractive imaging},
  author={Maiden, Andrew M and Rodenburg, John M},
  journal={Ultramicroscopy},
  volume={109},
  number={10},
  pages={1256--1262},
  year={2009},
  publisher={Elsevier}
}@article{pan2016experimental,
  title={Experimental study on three-dimensional ptychography for thick sample},
  author={Pan, An and Zhang, XF and Wang, Bin and Zhao, Q and Shi, YS and others},
  year={2016}
}@article{tian20153d,
  title={3D intensity and phase imaging from light field measurements in an LED array microscope},
  author={Tian, Lei and Waller, Laura},
  journal={optica},
  volume={2},
  number={2},
  pages={104--111},
  year={2015},
  publisher={Optica Publishing Group}
}@article{maiden2012ptychographic,
  title={Ptychographic transmission microscopy in three dimensions using a multi-slice approach},
  author={Maiden, Andrew M and Humphry, Martin J and Rodenburg, John M},
  journal={JOSA A},
  volume={29},
  number={8},
  pages={1606--1614},
  year={2012},
  publisher={Optica Publishing Group}
}@article{li2015separation,
  title={Separation of three-dimensional scattering effects in tilt-series Fourier ptychography},
  author={Li, Peng and Batey, Darren J and Edo, Tega B and Rodenburg, John M},
  journal={Ultramicroscopy},
  volume={158},
  pages={1--7},
  year={2015},
  publisher={Elsevier}
}
%%ptchography%%%%%%%%%%%%%%%%%%%%%%%%%%%%%%%%
@article{hoppe1982trace,
  title={Trace structure analysis, ptychography, phase tomography},
  author={Hoppe, W and others},
  journal={Ultramicroscopy},
  volume={10},
  number={3},
  pages={187--198},
  year={1982},
  publisher={Elsevier Science}
}

@article{wang2023optical,
  title={Optical ptychography for biomedical imaging: recent progress and future directions},
  author={Wang, Tianbo and Jiang, Shaowei and Song, Pengming and Wang, Ruihai and Yang, Liming and Zhang, Terrance and Zheng, Guoan},
  journal={Biomedical Optics Express},
  volume={14},
  number={2},
  pages={489--532},
  year={2023},
  publisher={Optica Publishing Group}
}

@article{dierolf2010ptychographic,
  title={Ptychographic X-ray computed tomography at the nanoscale},
  author={Dierolf, Martin and Menzel, Andreas and Thibault, Pierre and Schneider, Philipp and Kewish, Cameron M and Wepf, Roger and Bunk, Oliver and Pfeiffer, Franz},
  journal={Nature},
  volume={467},
  number={7314},
  pages={436--439},
  year={2010},
  publisher={Nature Publishing Group UK London}
}

@article{humphry2012ptychographic,
  title={Ptychographic electron microscopy using high-angle dark-field scattering for sub-nanometre resolution imaging},
  author={Humphry, MJ and Kraus, B and Hurst, AC and Maiden, AM and Rodenburg, JM},
  journal={Nature communications},
  volume={3},
  number={1},
  pages={730},
  year={2012},
  publisher={Nature Publishing Group UK London}
}
%%CP%%%%%%%%%%%%%%%%%%%%%%%%%%%%%%%%
@article{jiang2021resolution,
  title={Resolution-enhanced parallel coded ptychography for high-throughput optical imaging},
  author={Jiang, Shaowei and Guo, Chengfei and Song, Pengming and Zhou, Niyun and Bian, Zichao and Zhu, Jiakai and Wang, Ruihai and Dong, Pei and Zhang, Zibang and Liao, Jun and others},
  journal={ACS Photonics},
  volume={8},
  number={11},
  pages={3261--3271},
  year={2021},
  publisher={ACS Publications}
}
@article{jiang2022blood,
  title={Blood-coated sensor for high-throughput ptychographic cytometry on a Blu-Ray disc},
  author={Jiang, Shaowei and Guo, Chengfei and Wang, Tianbo and Liu, Jia and Song, Pengming and Zhang, Terrance and Wang, Ruihai and Feng, Bin and Zheng, Guoan},
  journal={ACS sensors},
  volume={7},
  number={4},
  pages={1058--1067},
  year={2022},
  publisher={ACS Publications}
}
@article{jiang2022ptychographic,
  title={Ptychographic sensor for large-scale lensless microbial monitoring with high spatiotemporal resolution},
  author={Jiang, Shaowei and Guo, Chengfei and Bian, Zichao and Wang, Ruihai and Zhu, Jiakai and Song, Pengming and Hu, Patrick and Hu, Derek and Zhang, Zibang and Hoshino, Kazunori and others},
  journal={Biosensors and Bioelectronics},
  volume={196},
  pages={113699},
  year={2022},
  publisher={Elsevier}
}
@article{jiang2020wide,
  title={Wide-field, high-resolution lensless on-chip microscopy via near-field blind ptychographic modulation},
  author={Jiang, Shaowei and Zhu, Jiakai and Song, Pengming and Guo, Chengfei and Bian, Zichao and Wang, Ruihai and Huang, Yikun and Wang, Shiyao and Zhang, He and Zheng, Guoan},
  journal={Lab on a Chip},
  volume={20},
  number={6},
  pages={1058--1065},
  year={2020},
  publisher={Royal Society of Chemistry}
}
@article{chen2020multi,
  title={Multi-layer Born multiple-scattering model for 3D phase microscopy},
  author={Chen, Michael and Ren, David and Liu, Hsiou-Yuan and Chowdhury, Shwetadwip and Waller, Laura},
  journal={Optica},
  volume={7},
  number={5},
  pages={394--403},
  year={2020},
  publisher={Optica Publishing Group}
}
@article{ullah2023parallel,
  title={Parallel synthetic aperture transport-of-intensity diffraction tomography with annular illumination},
  author={Ullah, Habib and Li, Jiaji and Zhou, Shun and Bai, Zhidong and Ye, Ran and Chen, Qian and Zuo, Chao},
  journal={Optics Letters},
  volume={48},
  number={7},
  pages={1638--1641},
  year={2023},
  publisher={Optica Publishing Group}
}
@article{zhou2022transport,
  title={Transport-of-intensity Fourier ptychographic diffraction tomography: defying the matched illumination condition},
  author={Zhou, Shun and Li, Jiaji and Sun, Jiasong and Zhou, Ning and Ullah, Habib and Bai, Zhidong and Chen, Qian and Zuo, Chao},
  journal={Optica},
  volume={9},
  number={12},
  pages={1362--1373},
  year={2022},
  publisher={Optica Publishing Group}
}
%%ESA%%%%%%%%%%%%%%%%%%%%%%%%%%%%%%%%%
@article{fan2023efficient,
  title={Efficient synthetic aperture for phaseless Fourier ptychographic microscopy with hybrid coherent and incoherent illumination},
  author={Fan, Yao and Sun, Jiasong and Shu, Yefeng and Zhang, Zuxin and Zheng, Guoan and Chen, Wenjian and Zhang, Jin and Gui, Kun and Wang, Kehui and Chen, Qian and others},
  journal={Laser \& Photonics Reviews},
  volume={17},
  number={3},
  pages={2200201},
  year={2023},
  publisher={Wiley Online Library}
}
@article{wolf1986new,
  title={New theory of partial coherence in the space-frequency domain. Part II: Steady-state fields and higher-order correlations},
  author={Wolf, Emil},
  journal={JOSA A},
  volume={3},
  number={1},
  pages={76--85},
  year={1986},
  publisher={Optica Publishing Group}
}
@article{li2019finite,
  title={Finite-horizon $ H\_ $\{$$\backslash$infty$\}$ $ state estimation for periodic neural networks over fading channels},
  author={Li, Xiao-Meng and Zhang, Bin and Li, Panshuo and Zhou, Qi and Lu, Renquan},
  journal={IEEE transactions on neural networks and learning systems},
  volume={31},
  number={5},
  pages={1450--1460},
  year={2019},
  publisher={IEEE}
}
@article{zuo2016adaptive,
  title={Adaptive step-size strategy for noise-robust Fourier ptychographic microscopy},
  author={Zuo, Chao and Sun, Jiasong and Chen, Qian},
  journal={Optics express},
  volume={24},
  number={18},
  pages={20724--20744},
  year={2016},
  publisher={Optica Publishing Group}
}
%%%%%%%%%%%%%%%%%%%%%%%%%%%%%%%%%%%%%%
@inproceedings{turpin1995theory,
  title={Theory of the synthetic aperture microscope},
  author={Turpin, Terry M and Gesell, Leslie H and Lapides, Jeffrey and Price, Craig H},
  booktitle={Advanced Imaging Technologies and Commercial Applications},
  volume={2566},
  pages={230--240},
  year={1995},
  organization={SPIE}
}
@article{holloway2017savi,
  title={SAVI: Synthetic apertures for long-range, subdiffraction-limited visible imaging using Fourier ptychography},
  author={Holloway, Jason and Wu, Yicheng and Sharma, Manoj K and Cossairt, Oliver and Veeraraghavan, Ashok},
  journal={Science advances},
  volume={3},
  number={4},
  pages={e1602564},
  year={2017},
  publisher={American Association for the Advancement of Science}
}
@article{zhang2019lens,
  title={Lens-free on-chip microscopy: theory, advances, and applications},
  author={Zhang, J and Chen, Q and Zhang, X and Sun, J and Zuo, C},
  journal={Infrared and Laser Engineering},
  volume={48},
  number={6},
  pages={0603009--0603009},
  year={2019},
  publisher={China Aerospace Science and Industry Corporation}
}
@article{thibault2008high,
  title={High-resolution scanning x-ray diffraction microscopy},
  author={Thibault, Pierre and Dierolf, Martin and Menzel, Andreas and Bunk, Oliver and David, Christian and Pfeiffer, Franz},
  journal={Science},
  volume={321},
  number={5887},
  pages={379--382},
  year={2008},
  publisher={American Association for the Advancement of Science}
}
@article{thorn2016quick,
  title={A quick guide to light microscopy in cell biology},
  author={Thorn, Kurt},
  journal={Molecular biology of the cell},
  volume={27},
  number={2},
  pages={219--222},
  year={2016},
  publisher={Am Soc Cell Biol}
}
@article{hoppe1969beugung,
  title={Beugung im inhomogenen prim{\"a}rstrahlwellenfeld. i. prinzip einer phasenmessung von elektronenbeungungsinterferenzen},
  author={Hoppe, Walter},
  journal={Acta Crystallographica Section A: Crystal Physics, Diffraction, Theoretical and General Crystallography},
  volume={25},
  number={4},
  pages={495--501},
  year={1969},
  publisher={International Union of Crystallography}
}
@article{rodenburg2004phase,
  title={A phase retrieval algorithm for shifting illumination},
  author={Rodenburg, John M and Faulkner, Helen ML},
  journal={Applied physics letters},
  volume={85},
  number={20},
  pages={4795--4797},
  year={2004},
  publisher={AIP Publishing}
}
@article{faulkner2004movable,
  title={Movable aperture lensless transmission microscopy: a novel phase retrieval algorithm},
  author={Faulkner, Helen Mary Louise and Rodenburg, JM},
  journal={Physical review letters},
  volume={93},
  number={2},
  pages={023903},
  year={2004},
  publisher={APS}
}
@article{maiden2009improved,
  title={An improved ptychographical phase retrieval algorithm for diffractive imaging},
  author={Maiden, Andrew M and Rodenburg, John M},
  journal={Ultramicroscopy},
  volume={109},
  number={10},
  pages={1256--1262},
  year={2009},
  publisher={Elsevier}
}
@article{clark2014continuous,
  title={Continuous scanning mode for ptychography},
  author={Clark, Jesse N and Huang, Xiaojing and Harder, Ross J and Robinson, Ian K},
  journal={Optics letters},
  volume={39},
  number={20},
  pages={6066--6069},
  year={2014},
  publisher={Optica Publishing Group}
}
@article{maiden2012ptychographic,
  title={Ptychographic transmission microscopy in three dimensions using a multi-slice approach},
  author={Maiden, Andrew M and Humphry, Martin J and Rodenburg, John M},
  journal={JOSA A},
  volume={29},
  number={8},
  pages={1606--1614},
  year={2012},
  publisher={Optica Publishing Group}
}
@article{zheng2013wide,
  title={Wide-field, high-resolution Fourier ptychographic microscopy},
  author={Zheng, Guoan and Horstmeyer, Roarke and Yang, Changhuei},
  journal={Nature photonics},
  volume={7},
  number={9},
  pages={739--745},
  year={2013},
  publisher={Nature Publishing Group UK London}
}
@article{horstmeyer2014phase,
  title={A phase space model of Fourier ptychographic microscopy},
  author={Horstmeyer, Roarke and Yang, Changhuei},
  journal={Optics express},
  volume={22},
  number={1},
  pages={338--358},
  year={2014},
  publisher={Optica Publishing Group}
}
@article{gerchberg1971phase,
  title={Phase determination from image and diffraction plane pictures in the electron microscope},
  author={Gerchberg, Ralph W},
  journal={Optik},
  volume={34},
  pages={275--284},
  year={1971}
}
@article{ou2014embedded,
  title={Embedded pupil function recovery for Fourier ptychographic microscopy},
  author={Ou, Xiaoze and Zheng, Guoan and Yang, Changhuei},
  journal={Optics express},
  volume={22},
  number={5},
  pages={4960--4972},
  year={2014},
  publisher={Optica Publishing Group}
}
@article{zuo2016adaptive,
  title={Adaptive step-size strategy for noise-robust Fourier ptychographic microscopy},
  author={Zuo, Chao and Sun, Jiasong and Chen, Qian},
  journal={Optics express},
  volume={24},
  number={18},
  pages={20724--20744},
  year={2016},
  publisher={Optica Publishing Group}
}
@article{tian2014multiplexed,
  title={Multiplexed coded illumination for Fourier Ptychography with an LED array microscope},
  author={Tian, Lei and Li, Xiao and Ramchandran, Kannan and Waller, Laura},
  journal={Biomedical optics express},
  volume={5},
  number={7},
  pages={2376--2389},
  year={2014},
  publisher={Optica Publishing Group}
}
@article{yeh2015experimental,
  title={Experimental robustness of Fourier ptychography phase retrieval algorithms},
  author={Yeh, Li-Hao and Dong, Jonathan and Zhong, Jingshan and Tian, Lei and Chen, Michael and Tang, Gongguo and Soltanolkotabi, Mahdi and Waller, Laura},
  journal={Optics express},
  volume={23},
  number={26},
  pages={33214--33240},
  year={2015},
  publisher={Optica Publishing Group}
}
@article{bian2015fourier,
  title={Fourier ptychographic reconstruction using Wirtinger flow optimization},
  author={Bian, Liheng and Suo, Jinli and Zheng, Guoan and Guo, Kaikai and Chen, Feng and Dai, Qionghai},
  journal={Optics express},
  volume={23},
  number={4},
  pages={4856--4866},
  year={2015},
  publisher={Optica Publishing Group}
}
@article{luo2015synthetic,
  title={Synthetic aperture-based on-chip microscopy},
  author={Luo, Wei and Greenbaum, Alon and Zhang, Yibo and Ozcan, Aydogan},
  journal={Light: Science \& Applications},
  volume={4},
  number={3},
  pages={e261--e261},
  year={2015},
  publisher={Nature Publishing Group}
}
@inproceedings{zhang2023lensless,
  title={Lensless super-resolution imaging with Fourier Ptychography reconstruction},
  author={Zhang, Xu and Zou, Yan and Li, Sheng and Wang, Bowen},
  booktitle={Ninth Symposium on Novel Photoelectronic Detection Technology and Applications},
  volume={12617},
  pages={1099--1104},
  year={2023},
  organization={SPIE}
}
@article{jiang2021resolution,
  title={Resolution-enhanced parallel coded ptychography for high-throughput optical imaging},
  author={Jiang, Shaowei and Guo, Chengfei and Song, Pengming and Zhou, Niyun and Bian, Zichao and Zhu, Jiakai and Wang, Ruihai and Dong, Pei and Zhang, Zibang and Liao, Jun and others},
  journal={ACS Photonics},
  volume={8},
  number={11},
  pages={3261--3271},
  year={2021},
  publisher={ACS Publications}
}
@article{jiang2023spatial,
  title={Spatial-and Fourier-domain ptychography for high-throughput bio-imaging},
  author={Jiang, Shaowei and Song, Pengming and Wang, Tianbo and Yang, Liming and Wang, Ruihai and Guo, Chengfei and Feng, Bin and Maiden, Andrew and Zheng, Guoan},
  journal={Nature Protocols},
  pages={1--33},
  year={2023},
  publisher={Nature Publishing Group UK London}
}
%%%%%%%%%%%%%%%%%%%%%%%%%%%%%%%%%%%




@inproceedings{turpin1995theory,
  title={Theory of the synthetic aperture microscope},
  author={Turpin, Terry M and Gesell, Leslie H and Lapides, Jeffrey and Price, Craig H},
  booktitle={Advanced Imaging Technologies and Commercial Applications},
  volume={2566},
  pages={230--240},
  year={1995},
  organization={SPIE}
}
@article{holloway2017savi,
  title={SAVI: Synthetic apertures for long-range, subdiffraction-limited visible imaging using Fourier ptychography},
  author={Holloway, Jason and Wu, Yicheng and Sharma, Manoj K and Cossairt, Oliver and Veeraraghavan, Ashok},
  journal={Science advances},
  volume={3},
  number={4},
  pages={e1602564},
  year={2017},
  publisher={American Association for the Advancement of Science}
}
@book{curlander1991synthetic,
  title={Synthetic aperture radar},
  author={Curlander, John C and McDonough, Robert N},
  volume={11},
  year={1991},
  publisher={Wiley, New York}
}
@article{tippie2011high,
  title={High-resolution synthetic-aperture digital holography with digital phase and pupil correction},
  author={Tippie, Abbie E and Kumar, Abhishek and Fienup, James R},
  journal={Optics express},
  volume={19},
  number={13},
  pages={12027--12038},
  year={2011},
  publisher={Optica Publishing Group}
}
@article{di2008high,
  title={High resolution digital holographic microscopy with a wide field of view based on a synthetic aperture technique and use of linear CCD scanning},
  author={Di, Jianglei and Zhao, Jianlin and Jiang, Hongzhen and Zhang, Peng and Fan, Qi and Sun, Weiwei},
  journal={Applied optics},
  volume={47},
  number={30},
  pages={5654--5659},
  year={2008},
  publisher={Optica Publishing Group}
}
@article{schwarz2003imaging,
  title={Imaging interferometric microscopy},
  author={Schwarz, Christian J and Kuznetsova, Yuliya and Brueck, SRJ},
  journal={Optics letters},
  volume={28},
  number={16},
  pages={1424--1426},
  year={2003},
  publisher={Optica Publishing Group}
}
@article{alexandrov2006synthetic,
  title={Synthetic aperture Fourier holographic optical microscopy},
  author={Alexandrov, Sergey A and Hillman, Timothy R and Gutzler, Thomas and Sampson, David D},
  journal={Physical review letters},
  volume={97},
  number={16},
  pages={168102},
  year={2006},
  publisher={APS}
}@article{mico2006synthetic,
  title={Synthetic aperture superresolution with multiple off-axis holograms},
  author={Mico, Vicente and Zalevsky, Zeev and Garc{\'\i}a-Mart{\'\i}nez, Pascuala and Garc{\'\i}a, Javier},
  journal={JOSA A},
  volume={23},
  number={12},
  pages={3162--3170},
  year={2006},
  publisher={Optica Publishing Group}
}@article{kreis2007resolution,
  title={Resolution enhancement by aperture synthesis in digital holography},
  author={Kreis, Thomas and Schl{\"u}ter, Karsten},
  journal={Optical Engineering},
  volume={46},
  number={5},
  pages={055803--055803},
  year={2007},
  publisher={Society of Photo-Optical Instrumentation Engineers}
}@article{hillman2009high,
  title={High-resolution, wide-field object reconstruction with synthetic aperture Fourier holographic optical microscopy},
  author={Hillman, Timothy R and Gutzler, Thomas and Alexandrov, Sergey A and Sampson, David D},
  journal={Optics express},
  volume={17},
  number={10},
  pages={7873--7892},
  year={2009},
  publisher={Optica Publishing Group}
}@article{mico2019resolution,
  title={Resolution enhancement in quantitative phase microscopy},
  author={Mic{\'o}, Vicente and Zheng, Juanjuan and Garcia, Javier and Zalevsky, Zeev and Gao, Peng},
  journal={Advances in Optics and Photonics},
  volume={11},
  number={1},
  pages={135--214},
  year={2019},
  publisher={Optica Publishing Group}
}@article{teague1983deterministic,
  title={Deterministic phase retrieval: a Green’s function solution},
  author={Teague, Michael Reed},
  journal={JOSA},
  volume={73},
  number={11},
  pages={1434--1441},
  year={1983},
  publisher={Optica Publishing Group}
}@article{teague1982irradiance,
  title={Irradiance moments: their propagation and use for unique retrieval of phase},
  author={Teague, Michael Reed},
  journal={JOSA},
  volume={72},
  number={9},
  pages={1199--1209},
  year={1982},
  publisher={Optica Publishing Group}
}
@article{paganin1998noninterferometric,
  title={Noninterferometric phase imaging with partially coherent light},
  author={Paganin, David and Nugent, Keith A},
  journal={Physical review letters},
  volume={80},
  number={12},
  pages={2586},
  year={1998},
  publisher={APS}
}
@article{zuo2020transport,
  title={Transport of intensity equation: a tutorial},
  author={Zuo, Chao and Li, Jiaji and Sun, Jiasong and Fan, Yao and Zhang, Jialin and Lu, Linpeng and Zhang, Runnan and Wang, Bowen and Huang, Lei and Chen, Qian},
  journal={Optics and Lasers in Engineering},
  volume={135},
  pages={106187},
  year={2020},
  publisher={Elsevier}
}
@article{baek2019kramers,
  title={Kramers--Kronig holographic imaging for high-space-bandwidth product},
  author={Baek, YoonSeok and Lee, KyeoReh and Shin, Seungwoo and Park, YongKeun},
  journal={Optica},
  volume={6},
  number={1},
  pages={45--51},
  year={2019},
  publisher={Optica Publishing Group}
}

@article{huang2022high,
  title={High Bandwidth-Utilization Digital Holographic Multiplexing: An Approach Using Kramers--Kronig Relations},
  author={Huang, Zhengzhong and Cao, Liangcai},
  journal={Advanced Photonics Research},
  volume={3},
  number={2},
  pages={2100273},
  year={2022},
  publisher={Wiley Online Library}
}
@article{shen2021non,
  title={Non-iterative complex wave-field reconstruction based on Kramers--Kronig relations},
  author={Shen, Cheng and Liang, Mingshu and Pan, An and Yang, Changhuei},
  journal={Photonics Research},
  volume={9},
  number={6},
  pages={1003--1012},
  year={2021},
  publisher={Optica Publishing Group}
}
@article{ou2016aperture,
  title={Aperture scanning Fourier ptychographic microscopy},
  author={Ou, Xiaoze and Chung, Jaebum and Horstmeyer, Roarke and Yang, Changhuei},
  journal={Biomedical Optics Express},
  volume={7},
  number={8},
  pages={3140--3150},
  year={2016},
  publisher={Optica Publishing Group}
}
@article{baek2021intensity,
  title={Intensity-based holographic imaging via space-domain Kramers--Kronig relations},
  author={Baek, YoonSeok and Park, YongKeun},
  journal={Nature Photonics},
  volume={15},
  number={5},
  pages={354--360},
  year={2021},
  publisher={Nature Publishing Group UK London}
}@article{li2021fast,
  title={Fast quantitative phase imaging based on Kramers-Kronig relations in space domain},
  author={Li, Yutong and Shen, Cheng and Tan, Jiubin and Wen, Xiu and Sun, Ming and Huang, Guancheng and Liu, Shutian and Liu, Zhengjun},
  journal={Optics Express},
  volume={29},
  number={25},
  pages={41067--41080},
  year={2021},
  publisher={Optica Publishing Group}
}
@article{chang2023robust,
  title={Robust Kramers--Kronig holographic imaging with Hilbert--Huang transform},
  author={Chang, Xuyang and Shen, Cheng and Liu, Sitian and Zheng, Dezhi and Wang, Shuai and Yang, Changhuei and Huang, Norden E and Bian, Liheng},
  journal={Optics Letters},
  volume={48},
  number={15},
  pages={4161--4164},
  year={2023},
  publisher={Optica Publishing Group}
}
@article{li2022transport,
  title={Transport of intensity diffraction tomography with non-interferometric synthetic aperture for three-dimensional label-free microscopy},
  author={Li, Jiaji and Zhou, Ning and Sun, Jiasong and Zhou, Shun and Bai, Zhidong and Lu, Linpeng and Chen, Qian and Zuo, Chao},
  journal={Light: Science \& Applications},
  volume={11},
  number={1},
  pages={154},
  year={2022},
  publisher={Nature Publishing Group UK London}
}
@article{zheng2013wide,
  title={Wide-field, high-resolution Fourier ptychographic microscopy},
  author={Zheng, Guoan and Horstmeyer, Roarke and Yang, Changhuei},
  journal={Nature photonics},
  volume={7},
  number={9},
  pages={739--745},
  year={2013},
  publisher={Nature Publishing Group UK London}
}
@article{pan2020high,
  title={High-resolution and large field-of-view Fourier ptychographic microscopy and its applications in biomedicine},
  author={Pan, An and Zuo, Chao and Yao, Baoli},
  journal={Reports on Progress in Physics},
  volume={83},
  number={9},
  pages={096101},
  year={2020},
  publisher={IOP Publishing}
}
@article{zhou2022analysis,
  title={Analysis of postreconstruction digital refocusing in Fourier ptychographic microscopy},
  author={Zhou, Haowen and Shen, Cheng and Liang, Mingshu and Yang, Changhuei},
  journal={Optical Engineering},
  volume={61},
  number={7},
  pages={073102--073102},
  year={2022},
  publisher={Society of Photo-Optical Instrumentation Engineers}
}@article{zhang2021fast,
  title={Fast digital refocusing and depth of field extended Fourier ptychography microscopy},
  author={Zhang, Shaohui and Zhou, Guocheng and Zheng, Chuanjian and Li, Tong and Hu, Yao and Hao, Qun},
  journal={Biomedical Optics Express},
  volume={12},
  number={9},
  pages={5544--5558},
  year={2021},
  publisher={Optica Publishing Group}
}@article{guo2021deep,
  title={Deep learning-enabled whole slide imaging (DeepWSI): oil-immersion quality using dry objectives, longer depth of field, higher system throughput, and better functionality},
  author={Guo, Chengfei and Jiang, Shaowei and Yang, Liming and Song, Pengming and Wang, Tianbo and Shao, Xiaopeng and Zhang, Zibang and Murphy, Michael and Zheng, Guoan},
  journal={Optics Express},
  volume={29},
  number={24},
  pages={39669--39684},
  year={2021},
  publisher={Optica Publishing Group}
}
@article{guo2020openwsi,
  title={OpenWSI: a low-cost, high-throughput whole slide imaging system via single-frame autofocusing and open-source hardware},
  author={Guo, Chengfei and Bian, Zichao and Jiang, Shaowei and Murphy, Michael and Zhu, Jiakai and Wang, Ruihai and Song, Pengming and Shao, Xiaopeng and Zhang, Yongbing and Zheng, Guoan},
  journal={Optics Letters},
  volume={45},
  number={1},
  pages={260--263},
  year={2020},
  publisher={Optica Publishing Group}
}@article{jiang2022high,
  title={High-throughput digital pathology via a handheld, multiplexed, and AI-powered ptychographic whole slide scanner},
  author={Jiang, Shaowei and Guo, Chengfei and Song, Pengming and Wang, Tianbo and Wang, Ruihai and Zhang, Terrance and Wu, Qian and Pandey, Rishikesh and Zheng, Guoan},
  journal={Lab on a Chip},
  volume={22},
  number={14},
  pages={2657--2670},
  year={2022},
  publisher={Royal Society of Chemistry}
}@article{lee2013synthetic,
  title={Synthetic Fourier transform light scattering},
  author={Lee, KyeoReh and Kim, Hyeon-Don and Kim, Kyoohyun and Kim, Youngchan and Hillman, Timothy R and Min, Bumki and Park, YongKeun},
  journal={Optics express},
  volume={21},
  number={19},
  pages={22453--22463},
  year={2013},
  publisher={Optica Publishing Group}
}
@article{liu2009influence,
  title={Influence of thick crystal effects on ptychographic image reconstruction with moveable illumination},
  author={Liu, Cheng and Walther, T and Rodenburg, JM},
  journal={Ultramicroscopy},
  volume={109},
  number={10},
  pages={1263--1275},
  year={2009},
  publisher={Elsevier}
}

@article{maiden2009improved,
  title={An improved ptychographical phase retrieval algorithm for diffractive imaging},
  author={Maiden, Andrew M and Rodenburg, John M},
  journal={Ultramicroscopy},
  volume={109},
  number={10},
  pages={1256--1262},
  year={2009},
  publisher={Elsevier}
}@article{pan2016experimental,
  title={Experimental study on three-dimensional ptychography for thick sample},
  author={Pan, An and Zhang, XF and Wang, Bin and Zhao, Q and Shi, YS and others},
  year={2016}
}@article{tian20153d,
  title={3D intensity and phase imaging from light field measurements in an LED array microscope},
  author={Tian, Lei and Waller, Laura},
  journal={optica},
  volume={2},
  number={2},
  pages={104--111},
  year={2015},
  publisher={Optica Publishing Group}
}@article{maiden2012ptychographic,
  title={Ptychographic transmission microscopy in three dimensions using a multi-slice approach},
  author={Maiden, Andrew M and Humphry, Martin J and Rodenburg, John M},
  journal={JOSA A},
  volume={29},
  number={8},
  pages={1606--1614},
  year={2012},
  publisher={Optica Publishing Group}
}@article{li2015separation,
  title={Separation of three-dimensional scattering effects in tilt-series Fourier ptychography},
  author={Li, Peng and Batey, Darren J and Edo, Tega B and Rodenburg, John M},
  journal={Ultramicroscopy},
  volume={158},
  pages={1--7},
  year={2015},
  publisher={Elsevier}
}
@article{horstmeyer2016diffraction,
  title={Diffraction tomography with Fourier ptychography},
  author={Horstmeyer, Roarke and Chung, Jaebum and Ou, Xiaoze and Zheng, Guoan and Yang, Changhuei},
  journal={Optica},
  volume={3},
  number={8},
  pages={827--835},
  year={2016},
  publisher={Optica Publishing Group}
}@article{wolf1969three,
  title={Three-dimensional structure determination of semi-transparent objects from holographic data},
  author={Wolf, Emil},
  journal={Optics communications},
  volume={1},
  number={4},
  pages={153--156},
  year={1969},
  publisher={Elsevier}
}@article{li2022transport,
  title={Transport of intensity diffraction tomography with non-interferometric synthetic aperture for three-dimensional label-free microscopy},
  author={Li, Jiaji and Zhou, Ning and Sun, Jiasong and Zhou, Shun and Bai, Zhidong and Lu, Linpeng and Chen, Qian and Zuo, Chao},
  journal={Light: Science \& Applications},
  volume={11},
  number={1},
  pages={154},
  year={2022},
  publisher={Nature Publishing Group UK London}
}@article{chen2020multi,
  title={Multi-layer Born multiple-scattering model for 3D phase microscopy},
  author={Chen, Michael and Ren, David and Liu, Hsiou-Yuan and Chowdhury, Shwetadwip and Waller, Laura},
  journal={Optica},
  volume={7},
  number={5},
  pages={394--403},
  year={2020},
  publisher={Optica Publishing Group}
}@article{ullah2023parallel,
  title={Parallel synthetic aperture transport-of-intensity diffraction tomography with annular illumination},
  author={Ullah, Habib and Li, Jiaji and Zhou, Shun and Bai, Zhidong and Ye, Ran and Chen, Qian and Zuo, Chao},
  journal={Optics Letters},
  volume={48},
  number={7},
  pages={1638--1641},
  year={2023},
  publisher={Optica Publishing Group}
}@article{zhou2022transport,
  title={Transport-of-intensity Fourier ptychographic diffraction tomography: defying the matched illumination condition},
  author={Zhou, Shun and Li, Jiaji and Sun, Jiasong and Zhou, Ning and Ullah, Habib and Bai, Zhidong and Chen, Qian and Zuo, Chao},
  journal={Optica},
  volume={9},
  number={12},
  pages={1362--1373},
  year={2022},
  publisher={Optica Publishing Group}
}


%%%%%%%%%%%%%%%%%%%%%%%%%%%%%%%%%%%%%
LYZ
@article{zernike1942phase,
  title={Phase contrast, a new method for the microscopic observation of transparent objects part II},
  author={Zernike, Frits},
  journal={Physica},
  volume={9},
  number={10},
  pages={974--986},
  year={1942},
  publisher={Elsevier}
}

@article{nomarski1955application,
  title={Application {\`a} la m{\'e}tallographie des m{\'e}thodes interf{\'e}rentielles {\`a} deux ondes polaris{\'e}es},
  author={Nomarski, G and Weill, AR},
  journal={Revue de m{\'e}tallurgie},
  volume={52},
  number={2},
  pages={121--134},
  year={1955},
  publisher={EDP Sciences}
}

@article{hamilton1984differential,
  title={Differential phase contrast in scanning optical microscopy},
  author={Hamilton, DK and Sheppard, CJR},
  journal={Journal of microscopy},
  volume={133},
  number={1},
  pages={27--39},
  year={1984},
  publisher={Wiley Online Library}
}

@article{tian2015quantitative,
  title={Quantitative differential phase contrast imaging in an LED array microscope},
  author={Tian, Lei and Waller, Laura},
  journal={Optics express},
  volume={23},
  number={9},
  pages={11394--11403},
  year={2015},
  publisher={Optica Publishing Group}
}

@article{liu2023single,
  title={Single-shot quantitative differential phase contrast imaging combined with programmable polarization multiplexing illumination},
  author={Liu, Siying and Zheng, Chuanjian and Hao, Qun and Li, Xin and Zhang, Shaohui},
  journal={Optics Letters},
  volume={48},
  number={13},
  pages={3559--3562},
  year={2023},
  publisher={Optica Publishing Group}
}

@article{zheng2021concept,
  title={Concept, implementations and applications of Fourier ptychography},
  author={Zheng, Guoan and Shen, Cheng and Jiang, Shaowei and Song, Pengming and Yang, Changhuei},
  journal={Nature Reviews Physics},
  volume={3},
  number={3},
  pages={207--223},
  year={2021},
  publisher={Nature Publishing Group UK London}
}

@article{qayyum2022untrained,
  title={Untrained neural network priors for inverse imaging problems: A survey},
  author={Qayyum, Adnan and Ilahi, Inaam and Shamshad, Fahad and Boussaid, Farid and Bennamoun, Mohammed and Qadir, Junaid},
  journal={IEEE Transactions on Pattern Analysis and Machine Intelligence},
  year={2022},
  publisher={IEEE}
}

@inproceedings{shamshad2019deep,
  title={Deep ptych: Subsampled fourier ptychography using generative priors},
  author={Shamshad, Fahad and Abbas, Farwa and Ahmed, Ali},
  booktitle={ICASSP 2019-2019 IEEE International Conference on Acoustics, Speech and Signal Processing (ICASSP)},
  pages={7720--7724},
  year={2019},
  organization={IEEE}
}

@article{xue2019reliable,
  title={Reliable deep-learning-based phase imaging with uncertainty quantification},
  author={Xue, Yujia and Cheng, Shiyi and Li, Yunzhe and Tian, Lei},
  journal={Optica},
  volume={6},
  number={5},
  pages={618--629},
  year={2019},
  publisher={Optica Publishing Group}
}

@inproceedings{kappeler2017ptychnet,
  title={Ptychnet: CNN based Fourier ptychography},
  author={Kappeler, Armin and Ghosh, Sushobhan and Holloway, Jason and Cossairt, Oliver and Katsaggelos, Aggelos},
  booktitle={2017 IEEE International Conference on Image Processing (ICIP)},
  pages={1712--1716},
  year={2017},
  organization={IEEE}
}

@article{boominathan2018phase,
  title={Phase retrieval for fourier ptychography under varying amount of measurements},
  author={Boominathan, Lokesh and Maniparambil, Mayug and Gupta, Honey and Baburajan, Rahul and Mitra, Kaushik},
  journal={arXiv preprint arXiv:1805.03593},
  year={2018}
}

@article{zhang2019fourier,
  title={Fourier ptychographic microscopy reconstruction with multiscale deep residual network},
  author={Zhang, Jizhou and Xu, Tingfa and Shen, Ziyi and Qiao, Yifan and Zhang, Yizhou},
  journal={Optics express},
  volume={27},
  number={6},
  pages={8612--8625},
  year={2019},
  publisher={Optica Publishing Group}
}

@article{thanh2018deep,
  title={Deep learning approach to Fourier ptychographic microscopy},
  author={Thanh, Nguyen and Xue, Yujia and Li, Yunzhe and Tian, Lei and Nehmetallah, George},
  journal={Optics express},
  year={2018},
  publisher={OPTICAL SOC AMER}
}

@article{kellman2019physics,
  title={Physics-based learned design: optimized coded-illumination for quantitative phase imaging},
  author={Kellman, Michael R and Bostan, Emrah and Repina, Nicole A and Waller, Laura},
  journal={IEEE Transactions on Computational Imaging},
  volume={5},
  number={3},
  pages={344--353},
  year={2019},
  publisher={IEEE}
}

@article{muthumbi2019learned,
  title={Learned sensing: jointly optimized microscope hardware for accurate image classification},
  author={Muthumbi, Alex and Chaware, Amey and Kim, Kanghyun and Zhou, Kevin C and Konda, Pavan Chandra and Chen, Richard and Judkewitz, Benjamin and Erdmann, Andreas and Kappes, Barbara and Horstmeyer, Roarke},
  journal={Biomedical optics express},
  volume={10},
  number={12},
  pages={6351--6369},
  year={2019},
  publisher={Optica Publishing Group}
}
@article{song2019super,
  title={Super-resolution microscopy via ptychographic structured modulation of a diffuser},
  author={Song, Pengming and Jiang, Shaowei and Zhang, He and Bian, Zichao and Guo, Chengfei and Hoshino, Kazunori and Zheng, Guoan},
  journal={Optics letters},
  volume={44},
  number={15},
  pages={3645--3648},
  year={2019},
  publisher={Optica Publishing Group}
}
@article{dong2014aperture,
  title={Aperture-scanning Fourier ptychography for 3D refocusing and super-resolution macroscopic imaging},
  author={Dong, Siyuan and Horstmeyer, Roarke and Shiradkar, Radhika and Guo, Kaikai and Ou, Xiaoze and Bian, Zichao and Xin, Huolin and Zheng, Guoan},
  journal={Optics express},
  volume={22},
  number={11},
  pages={13586--13599},
  year={2014},
  publisher={Optica Publishing Group}
}@article{zuo2020wide,
  title={Wide-field high-resolution 3D microscopy with Fourier ptychographic diffraction tomography},
  author={Zuo, Chao and Sun, Jiasong and Li, Jiaji and Asundi, Anand and Chen, Qian},
  journal={Optics and Lasers in Engineering},
  volume={128},
  pages={106003},
  year={2020},
  publisher={Elsevier}
}


@article{cheng2019illumination,
  title={Illumination pattern design with deep learning for single-shot Fourier ptychographic microscopy},
  author={Cheng, Yi Fei and Strachan, Megan and Weiss, Zachary and Deb, Moniher and Carone, Dawn and Ganapati, Vidya},
  journal={Optics express},
  volume={27},
  number={2},
  pages={644--656},
  year={2019},
  publisher={Optica Publishing Group}
}

@inproceedings{kellman2019data,
  title={Data-driven design for fourier ptychographic microscopy},
  author={Kellman, Michael and Bostan, Emrah and Chen, Michael and Waller, Laura},
  booktitle={2019 IEEE International Conference on Computational Photography (ICCP)},
  pages={1--8},
  year={2019},
  organization={IEEE}
}

@article{horstmeyer2017convolutional,
  title={Convolutional neural networks that teach microscopes how to image},
  author={Horstmeyer, Roarke and Chen, Richard Y and Kappes, Barbara and Judkewitz, Benjamin},
  journal={arXiv preprint arXiv:1709.07223},
  year={2017}
}

@article{wang2020virtual,
  title={Virtual brightfield and fluorescence staining for Fourier ptychography via unsupervised deep learning},
  author={Wang, Ruihai and Song, Pengming and Jiang, Shaowei and Yan, Chenggang and Zhu, Jiakai and Guo, Chengfei and Bian, Zichao and Wang, Tianbo and Zheng, Guoan},
  journal={Optics Letters},
  volume={45},
  number={19},
  pages={5405--5408},
  year={2020},
  publisher={Optica Publishing Group}
}

@article{jiang2018solving,
  title={Solving Fourier ptychographic imaging problems via neural network modeling and TensorFlow},
  author={Jiang, Shaowei and Guo, Kaikai and Liao, Jun and Zheng, Guoan},
  journal={Biomedical optics express},
  volume={9},
  number={7},
  pages={3306--3319},
  year={2018},
  publisher={Optica Publishing Group}
}

@article{zhang2019pgnn,
  title={Pgnn: Physics-guided neural network for fourier ptychographic microscopy},
  author={Zhang, Yongbing and Liu, Yangzhe and Li, Xiu and Jiang, Shaowei and Dixit, Krishna and Zhang, Xinfeng and Ji, Xiangyang},
  journal={arXiv preprint arXiv:1909.08869},
  year={2019}
}

@article{sun2019neural,
  title={Neural network model combined with pupil recovery for Fourier ptychographic microscopy},
  author={Sun, Minglu and Chen, Xiong and Zhu, Youqiang and Li, Dayu and Mu, Quanquan and Xuan, Li},
  journal={Optics Express},
  volume={27},
  number={17},
  pages={24161--24174},
  year={2019},
  publisher={Optica Publishing Group}
}

@article{zhang2020forward,
  title={Forward imaging neural network with correction of positional misalignment for Fourier ptychographic microscopy},
  author={Zhang, Jinlei and Tao, Xiao and Yang, Lin and Wu, Rengmao and Sun, Peng and Wang, Chang and Zheng, Zhenrong},
  journal={Optics Express},
  volume={28},
  number={16},
  pages={23164--23175},
  year={2020},
  publisher={Optica Publishing Group}
}

@article{zhang2021cross,
  title={Cross-level channel attention network for Fourier ptychographic microscopy reconstruction},
  author={Zhang, Jinhua and Xu, Tingfa and Zhang, Jizhou and Chen, Yiwen and Li, Jianan},
  journal={IEEE Photonics Journal},
  volume={14},
  number={1},
  pages={1--8},
  year={2021},
  publisher={IEEE}
}

@inproceedings{wang2022fourier,
  title={Fourier Ptychographic Microscopy Reconstruction Method Based on Residual Transfer Networks},
  author={Wang, Xiaoli and Piao, Yan and Li, Jie and Yu, Jinyang},
  booktitle={Journal of Physics: Conference Series},
  volume={2400},
  number={1},
  pages={012015},
  year={2022},
  organization={IOP Publishing}
}

@inproceedings{saha2022lwgnet,
  title={LWGNet-Learned Wirtinger Gradients for Fourier Ptychographic Phase Retrieval},
  author={Saha, Atreyee and Khan, Salman S and Sehrawat, Sagar and Prabhu, Sanjana S and Bhattacharya, Shanti and Mitra, Kaushik},
  booktitle={European Conference on Computer Vision},
  pages={522--537},
  year={2022},
  organization={Springer}
}

@article{sun2021double,
  title={Double-flow convolutional neural network for rapid large field of view Fourier ptychographic reconstruction},
  author={Sun, Minglu and Shao, Lina and Zhu, Youqiang and Zhang, Yuxi and Wang, Shaoxin and Wang, Yukun and Diao, Zhihui and Li, Dayu and Mu, Quanquan and Xuan, Li},
  journal={Journal of Biophotonics},
  volume={14},
  number={6},
  pages={e202000444},
  year={2021},
  publisher={Wiley Online Library}
}

@inproceedings{wang2022fourier,
  title={A Fourier Ptychographic Microscopy Reconstruction Method Based on SwinIR Physical Model},
  author={Wang, Xiaoli and Piao, Yan and Jin, Yuanshang and Li, Jie and Han, Qiuyue and Yu, Jinyang},
  booktitle={Journal of Physics: Conference Series},
  volume={2400},
  number={1},
  pages={012008},
  year={2022},
  organization={IOP Publishing}
}

@article{li2023fourier,
  title={Fourier Ptychographic Microscopic Reconstruction Method Based on Residual Hybrid Attention Network},
  author={Li, Jie and Hao, Jingzi and Wang, Xiaoli and Wang, Yongshan and Wang, Yan and Wang, Hao and Wang, Xinbo},
  journal={Sensors},
  volume={23},
  number={16},
  pages={7301},
  year={2023},
  publisher={MDPI}
}

@article{bouchama2023physics,
  title={A Physics-Inspired Deep Learning Framework for an Efficient Fourier Ptychographic Microscopy Reconstruction under Low Overlap Conditions},
  author={Bouchama, Lyes and Dorizzi, Bernadette and Klossa, Jacques and Gottesman, Yaneck},
  journal={Sensors},
  volume={23},
  number={15},
  pages={6829},
  year={2023},
  publisher={MDPI}
}

@article{zhang2022physics,
  title={Physics-based learning with channel attention for Fourier ptychographic microscopy},
  author={Zhang, Jizhou and Xu, Tingfa and Li, Jianan and Zhang, Yuhan and Jiang, Shenwang and Chen, Yiwen and Zhang, Jinhua},
  journal={Journal of Biophotonics},
  volume={15},
  number={3},
  pages={e202100296},
  year={2022},
  publisher={Wiley Online Library}
}

@article{zhao2021neural,
  title={Neural network model with positional deviation correction for Fourier ptychography},
  author={Zhao, Ming and Zhang, Xiaohui and Tian, Zhiming and Liu, Shuai},
  journal={Journal of the Society for Information Display},
  volume={29},
  number={10},
  pages={749--757},
  year={2021},
  publisher={Wiley Online Library}
}

@inproceedings{guzzi2021deep,
  title={A Deep Prior Method for Fourier Ptychography Microscopy},
  author={Guzzi, Francesco and Kourousias, George and Bill{\`e}, Fulvio and Pugliese, Roberto and Gianoncelli, Alessandra and Carrato, Sergio},
  booktitle={2021 44th International Convention on Information, Communication and Electronic Technology (MIPRO)},
  pages={1781--1786},
  year={2021},
  organization={IEEE}
}

@article{chen2022fourier,
  title={Fourier ptychographic microscopy with untrained deep neural network priors},
  author={Chen, Quan and Huang, Duolan and Chen, Rui},
  journal={Optics Express},
  volume={30},
  number={22},
  pages={39597--39612},
  year={2022},
  publisher={Optica Publishing Group}
}

@article{yang2022fourier,
  title={Fourier ptychography multi-parameunter neural network with composite physical priori optimization},
  author={Yang, Delong and Zhang, Shaohui and Zheng, Chuanjian and Zhou, Guocheng and Cao, Lei and Hu, Yao and Hao, Qun},
  journal={Biomedical Optics Express},
  volume={13},
  number={5},
  pages={2739--2753},
  year={2022},
  publisher={Optica Publishing Group}
}


@article{dong2014sparsely,
  title={Sparsely sampled Fourier ptychography},
  author={Dong, Siyuan and Bian, Zichao and Shiradkar, Radhika and Zheng, Guoan},
  journal={Optics express},
  volume={22},
  number={5},
  pages={5455--5464},
  year={2014},
  publisher={Optica Publishing Group}
}

@article{tian2015computational,
  title={Computational illumination for high-speed in vitro Fourier ptychographic microscopy},
  author={Tian, Lei and Liu, Ziji and Yeh, Li-Hao and Chen, Michael and Zhong, Jingshan and Waller, Laura},
  journal={Optica},
  volume={2},
  number={10},
  pages={904--911},
  year={2015},
  publisher={Optica Publishing Group}
}
@article{sun2018high,
  title={High-speed Fourier ptychographic microscopy based on programmable annular illuminations},
  author={Sun, Jiasong and Zuo, Chao and Zhang, Jialin and Fan, Yao and Chen, Qian},
  journal={Scientific reports},
  volume={8},
  number={1},
  pages={7669},
  year={2018},
  publisher={Nature Publishing Group UK London}
}

@article{fan2023efficient,
  title={Efficient synthetic aperture for phaseless Fourier ptychographic microscopy with hybrid coherent and incoherent illumination},
  author={Fan, Yao and Sun, Jiasong and Shu, Yefeng and Zhang, Zuxin and Zheng, Guoan and Chen, Wenjian and Zhang, Jin and Gui, Kun and Wang, Kehui and Chen, Qian and others},
  journal={Laser \& Photonics Reviews},
  volume={17},
  number={3},
  pages={2200201},
  year={2023},
  publisher={Wiley Online Library}
}

@article{chen2023superresolution,
  title={Superresolution structured illumination microscopy reconstruction algorithms: a review},
  author={Chen, Xin and Zhong, Suyi and Hou, Yiwei and Cao, Ruijie and Wang, Wenyi and Li, Dong and Dai, Qionghai and Kim, Donghyun and Xi, Peng},
  journal={Light: Science \& Applications},
  volume={12},
  number={1},
  pages={172},
  year={2023},
  publisher={Nature Publishing Group UK London}
}
@article{gustafsson2005nonlinear,
  title={Nonlinear structured-illumination microscopy: wide-field fluorescence imaging with theoretically unlimited resolution},
  author={Gustafsson, Mats GL},
  journal={Proceedings of the National Academy of Sciences},
  volume={102},
  number={37},
  pages={13081--13086},
  year={2005},
  publisher={National Acad Sciences}
}

@article{maiden2017further,
  title={Further improvements to the ptychographical iterative engine},
  author={Maiden, Andrew and Johnson, Daniel and Li, Peng},
  journal={Optica},
  volume={4},
  number={7},
  pages={736--745},
  year={2017},
  publisher={Optica Publishing Group}
}

@article{dierolf2010ptychographic,
  title={Ptychographic X-ray computed tomography at the nanoscale},
  author={Dierolf, Martin and Menzel, Andreas and Thibault, Pierre and Schneider, Philipp and Kewish, Cameron M and Wepf, Roger and Bunk, Oliver and Pfeiffer, Franz},
  journal={Nature},
  volume={467},
  number={7314},
  pages={436--439},
  year={2010},
  publisher={Nature Publishing Group UK London}
}

@article{diaz2012quantitative,
  title={Quantitative x-ray phase nanotomography},
  author={Diaz, Ana and Trtik, Pavel and Guizar-Sicairos, Manuel and Menzel, Andreas and Thibault, Pierre and Bunk, Oliver},
  journal={Physical Review B},
  volume={85},
  number={2},
  pages={020104},
  year={2012},
  publisher={APS}
}

@article{zhang2017fourier,
  title={Fourier ptychographic microscopy with sparse representation},
  author={Zhang, Yongbing and Song, Pengming and Zhang, Jian and Dai, Qionghai},
  journal={Scientific reports},
  volume={7},
  number={1},
  pages={8664},
  year={2017},
  publisher={Nature Publishing Group UK London}
}

@inproceedings{sun2019regularized,
  title={Regularized fourier ptychography using an online plug-and-play algorithm},
  author={Sun, Yu and Xu, Shiqi and Li, Yunzhe and Tian, Lei and Wohlberg, Brendt and Kamilov, Ulugbek S},
  booktitle={ICASSP 2019-2019 IEEE International Conference on Acoustics, Speech and Signal Processing (ICASSP)},
  pages={7665--7669},
  year={2019},
  organization={IEEE}
}

@article{jagatap2019sample,
  title={Sample efficient fourier ptychography for structured data},
  author={Jagatap, Gauri and Chen, Zhengyu and Nayer, Seyedehsara and Hegde, Chinmay and Vaswani, Namrata},
  journal={IEEE Transactions on Computational Imaging},
  volume={6},
  pages={344--357},
  year={2019},
  publisher={IEEE}
}

@article{pfeiffer2018x,
  title={X-ray ptychography},
  author={Pfeiffer, Franz},
  journal={Nature Photonics},
  volume={12},
  number={1},
  pages={9--17},
  year={2018},
  publisher={Nature Publishing Group UK London}
}

@article{massig2002digital,
  title={Digital off-axis holography with a synthetic aperture},
  author={Massig, J{\"u}rgen H},
  journal={Optics letters},
  volume={27},
  number={24},
  pages={2179--2181},
  year={2002},
  publisher={Optica Publishing Group}
}

@article{le2001synthetic,
  title={Synthetic-aperture experiment in the visible with on-axis digital heterodyne holography},
  author={Le Clerc, Fr{\'e}d{\'e}rique and Gross, Michel and Collot, Laurent},
  journal={Optics Letters},
  volume={26},
  number={20},
  pages={1550--1552},
  year={2001},
  publisher={Optica Publishing Group}
}

@article{javidi2021roadmap,
  title={Roadmap on digital holography},
  author={Javidi, Bahram and Carnicer, Artur and Anand, Arun and Barbastathis, George and Chen, Wen and Ferraro, Pietro and Goodman, JW and Horisaki, Ryoichi and Khare, Kedar and Kujawinska, Malgorzata and others},
  journal={Optics express},
  volume={29},
  number={22},
  pages={35078--35118},
  year={2021},
  publisher={Optica Publishing Group}
}

@article{podoleanu2012optical,
  title={Optical coherence tomography},
  author={Podoleanu, A Gh},
  journal={Journal of microscopy},
  volume={247},
  number={3},
  pages={209--219},
  year={2012},
  publisher={Wiley Online Library}
}

@article{huang1991optical,
  title={Optical coherence tomography},
  author={Huang, David and Swanson, Eric A and Lin, Charles P and Schuman, Joel S and Stinson, William G and Chang, Warren and Hee, Michael R and Flotte, Thomas and Gregory, Kenton and Puliafito, Carmen A and others},
  journal={science},
  volume={254},
  number={5035},
  pages={1178--1181},
  year={1991},
  publisher={American Association for the Advancement of Science}
}

@article{rosen2007digital,
  title={Digital spatially incoherent Fresnel holography},
  author={Rosen, Joseph and Brooker, Gary},
  journal={Optics letters},
  volume={32},
  number={8},
  pages={912--914},
  year={2007},
  publisher={Optica Publishing Group}
}

@article{wang2022fourier,
  title={Fourier ptychographic microscopy via alternating direction method of multipliers},
  author={Wang, Aiye and Zhang, Zhuoqun and Wang, Siqi and Pan, An and Ma, Caiwen and Yao, Baoli},
  journal={Cells},
  volume={11},
  number={9},
  pages={1512},
  year={2022},
  publisher={MDPI}
}

@article{thanh2018deep,
  title={Deep learning approach to Fourier ptychographic microscopy},
  author={Thanh, Nguyen and Xue, Yujia and Li, Yunzhe and Tian, Lei and Nehmetallah, George},
  journal={Optics express},
  year={2018},
  publisher={OPTICAL SOC AMER}
}

@inproceedings{wang2022fourier,
  title={A Fourier Ptychographic Microscopy Reconstruction Method Based on SwinIR Physical Model},
  author={Wang, Xiaoli and Piao, Yan and Jin, Yuanshang and Li, Jie and Han, Qiuyue and Yu, Jinyang},
  booktitle={Journal of Physics: Conference Series},
  volume={2400},
  number={1},
  pages={012008},
  year={2022},
  organization={IOP Publishing}
}

@article{sun2019neural,
  title={Neural network model combined with pupil recovery for Fourier ptychographic microscopy},
  author={Sun, Minglu and Chen, Xiong and Zhu, Youqiang and Li, Dayu and Mu, Quanquan and Xuan, Li},
  journal={Optics Express},
  volume={27},
  number={17},
  pages={24161--24174},
  year={2019},
  publisher={Optica Publishing Group}
}

@article{chen2022fourier,
  title={Fourier ptychographic microscopy with untrained deep neural network priors},
  author={Chen, Quan and Huang, Duolan and Chen, Rui},
  journal={Optics Express},
  volume={30},
  number={22},
  pages={39597--39612},
  year={2022},
  publisher={Optica Publishing Group}
}